<?xml version="1.0" encoding="UTF-8"?><record xmlns="http://www.loc.gov/MARC21/slim" xmlns:cinclude="http://apache.org/cocoon/include/1.0" xmlns:zs="http://www.loc.gov/zing/srw/">
  <leader>00425cz  a2200133n  4500</leader>
  <controlfield tag="001">n  85192624 </controlfield>
  <controlfield tag="003">DLC</controlfield>
  <controlfield tag="005">20080615075336.0</controlfield>
  <controlfield tag="008">860327n| acannaabn          |n aaa     c</controlfield>
  <datafield tag="010" ind1=" " ind2=" ">
    <subfield code="a">n  85192624 </subfield>
  </datafield>
  <datafield tag="035" ind1=" " ind2=" ">
    <subfield code="a">(OCoLC)oca01541313</subfield>
  </datafield>
  <datafield tag="040" ind1=" " ind2=" ">
    <subfield code="a">IU</subfield>
    <subfield code="b">eng</subfield>
    <subfield code="c">DLC</subfield>
    <subfield code="d">DLC</subfield>
    <subfield code="d">OCoLC</subfield>
  </datafield>
  <datafield tag="100" ind1="1" ind2=" ">
    <subfield code="a">Skwirowska, Stefania</subfield>
  </datafield>
  <datafield tag="670" ind1=" " ind2=" ">
    <subfield code="a">Her Bibliographie des travaux des historiens polonais en langues eĚtran. parus ... 1971:</subfield>
    <subfield code="b">t.p. (Stefania Skwirowska)</subfield>
  </datafield>
</record>